<marc:collection xmlns:marc="http://www.loc.gov/MARC21/slim" xmlns:xsi="http://www.w3.org/2001/XMLSchema-instance" xsi:schemaLocation="http://www.loc.gov/MARC21/slim http://www.loc.gov/standards/marcxml/schema/MARC21slim.xsd">
    <marc:record type="Bibliographic">
        <marc:leader>01713cem a2200325Ia 4500</marc:leader>
        <marc:controlfield tag="001">6947873</marc:controlfield>
        <marc:controlfield tag="005">20120222110651.0</marc:controlfield>
        <marc:controlfield tag="007">aj canzn</marc:controlfield>
        <marc:controlfield tag="008">070605q17021715gw i      a     0   lat d</marc:controlfield>
        <marc:datafield tag="040" ind1=" " ind2=" ">
            <marc:subfield code="a">NjP</marc:subfield>
            <marc:subfield code="c">NjP</marc:subfield>
        </marc:datafield>
        <marc:datafield tag="034" ind1="1" ind2=" ">
            <marc:subfield code="a">a</marc:subfield>
            <marc:subfield code="b">625000</marc:subfield>
        </marc:datafield>
        <marc:datafield tag="043" ind1=" " ind2=" ">
            <marc:subfield code="a">e-ne---</marc:subfield>
        </marc:datafield>
        <marc:datafield tag="100" ind1="1" ind2=" ">
            <marc:subfield code="a">Homann, Johann Baptist,</marc:subfield>
            <marc:subfield code="d">1663-1724.</marc:subfield>
        </marc:datafield>
        <marc:datafield tag="245" ind1="1" ind2="0">
            <marc:subfield code="a">Belgii pars septentrionalis communi nomine vulgo Hollandia nuncupata continens statum potentissimæ Batavorum Reipublicæ seu provincias VII Foederatas</marc:subfield>
            <marc:subfield code="h">[map] /</marc:subfield>
            <marc:subfield code="c">exhibente Io. Baptista Homanno, Norimbergæ.</marc:subfield>
        </marc:datafield>
        <marc:datafield tag="255" ind1=" " ind2=" ">
            <marc:subfield code="a">Scale [ca. 1:6250,000]</marc:subfield>
            <marc:subfield code="c">(E 20⁰--E 26⁰/N 54⁰--N51⁰).</marc:subfield>
        </marc:datafield>
        <marc:datafield tag="260" ind1=" " ind2=" ">
            <marc:subfield code="a">Norimbergæ :</marc:subfield>
            <marc:subfield code="b">Io. Baptista Homanno,</marc:subfield>
            <marc:subfield code="c">[between 1702 and 1715]</marc:subfield>
        </marc:datafield>
        <marc:datafield tag="300" ind1=" " ind2=" ">
            <marc:subfield code="a">1 map :</marc:subfield>
            <marc:subfield code="b">hand col. ;</marc:subfield>
            <marc:subfield code="c">47 x 55 cm.</marc:subfield>
        </marc:datafield>
        <marc:datafield tag="500" ind1=" " ind2=" ">
            <marc:subfield code="a">Relief shown pictorially.</marc:subfield>
        </marc:datafield>
        <marc:datafield tag="500" ind1=" " ind2=" ">
            <marc:subfield code="a">Insets: Batavorum coloniæ Occidental Indiis septentrionalis Americæ implantatæ -- India Orientalis Batavorum commerciis, potentiâ &amp; coloniis celeberrima.</marc:subfield>
        </marc:datafield>
        <marc:datafield tag="500" ind1=" " ind2=" ">
            <marc:subfield code="a">Includes views of New Amsterdam and Batavia.</marc:subfield>
        </marc:datafield>
        <marc:datafield tag="500" ind1=" " ind2=" ">
            <marc:subfield code="a">Homann founded his own cartographic and publishing establishment in 1702. He became geographer to the Holy Roman Emperor in 1715. cf. Tooley's dictionary of mapmakers.</marc:subfield>
        </marc:datafield>
        <marc:datafield tag="500" ind1=" " ind2=" ">
            <marc:subfield code="a">Historic Maps copies lack imperial privilege.</marc:subfield>
        </marc:datafield>
        <marc:datafield tag="561" ind1=" " ind2=" ">
            <marc:subfield code="a">Historic Maps copy 2 is from the estate of N.B. Fox, Princeton class of 1899.</marc:subfield>
            <marc:subfield code="5">NjP</marc:subfield>
        </marc:datafield>
        <marc:datafield tag="651" ind1=" " ind2="0">
            <marc:subfield code="a">Netherlands</marc:subfield>
            <marc:subfield code="v">Maps</marc:subfield>
            <marc:subfield code="v">Early works to 1800.</marc:subfield>
        </marc:datafield>
        <marc:datafield tag="655" ind1=" " ind2="7">
            <marc:subfield code="a">Maps</marc:subfield>
            <marc:subfield code="z">Netherlands</marc:subfield>
            <marc:subfield code="y">1702.</marc:subfield>
        </marc:datafield>
        <marc:datafield tag="700" ind1="1" ind2=" ">
            <marc:subfield code="a">Fox, N. B.,</marc:subfield>
            <marc:subfield code="e">former owner.</marc:subfield>
            <marc:subfield code="5">NjP</marc:subfield>
        </marc:datafield>
        <marc:datafield tag="856" ind1="4" ind2="1">
            <marc:subfield code="z">See the map (copy 1)</marc:subfield>
            <marc:subfield code="u">http://gisserver.princeton.edu/map/26555</marc:subfield>
        </marc:datafield>
        <marc:datafield tag="856" ind1="4" ind2="1">
            <marc:subfield code="z">See the map (copy 2)</marc:subfield>
            <marc:subfield code="u">http://gisserver.princeton.edu/map/26635</marc:subfield>
        </marc:datafield>
        <marc:datafield tag="904" ind1=" " ind2=" ">
            <marc:subfield code="a">gls</marc:subfield>
            <marc:subfield code="b">g</marc:subfield>
            <marc:subfield code="h">n</marc:subfield>
            <marc:subfield code="c">p</marc:subfield>
            <marc:subfield code="e">20120110</marc:subfield>
        </marc:datafield>
        <marc:datafield tag="902" ind1=" " ind2=" ">
            <marc:subfield code="a">gls</marc:subfield>
            <marc:subfield code="b">o</marc:subfield>
            <marc:subfield code="6">e</marc:subfield>
            <marc:subfield code="7">m</marc:subfield>
            <marc:subfield code="d">v</marc:subfield>
            <marc:subfield code="f">1</marc:subfield>
            <marc:subfield code="e">20120110</marc:subfield>
        </marc:datafield>
    </marc:record>
    <marc:record type="Holdings">
        <marc:leader>00172nx  a22000851  4500</marc:leader>
        <marc:controlfield tag="001">6843344</marc:controlfield>
        <marc:controlfield tag="004">6947873</marc:controlfield>
        <marc:controlfield tag="005">20120110142131.0</marc:controlfield>
        <marc:controlfield tag="008">1201104u    8   1001uu   0901128</marc:controlfield>
        <marc:datafield tag="852" ind1="0" ind2=" ">
            <marc:subfield code="b">map</marc:subfield>
            <marc:subfield code="h">HMC01.5368</marc:subfield>
        </marc:datafield>
    </marc:record>
    <marc:record type="Holdings">
        <marc:leader>00175nx  a22000851  4500</marc:leader>
        <marc:controlfield tag="001">6851592</marc:controlfield>
        <marc:controlfield tag="004">6947873</marc:controlfield>
        <marc:controlfield tag="005">20120124122551.0</marc:controlfield>
        <marc:controlfield tag="008">1201244u    8   1001uu   0901128</marc:controlfield>
        <marc:datafield tag="852" ind1="0" ind2=" ">
            <marc:subfield code="b">map</marc:subfield>
            <marc:subfield code="t">2</marc:subfield>
            <marc:subfield code="h">HMC01.5436</marc:subfield>
        </marc:datafield>
    </marc:record>
</marc:collection>
